%% Sample bibliography file for mitthesis.cls
%%
%% Revised: 01 August 2024
%% Copyright John H. Lienhard, MIT
%% Offered under the MIT license: https://ctan.org/license/mit 

%% REFER TO biblatex documentation for details about possible fields
%% bibtex support depends on the bibtex style (.bst) and is usually more limited

@article{TEST,
	author  =	{TEST},
	year	  =	{1969},
	title	  =	{Great article},
	journal = {{ASME} J. Heat Transfer},
	volume  =	91,
	number  = 1,
	pages   = {1--15},
	doi     = {10.1115/1.3580108},
	month   = feb,
}